
@article{HEREPIC,
	title={HerEpic},
	author={Orileader ArinaMgk and others},
	journal={UNISYM depot},
	year={2013},
}
@article{StdC99,
	title={Programming Language C},
	author={ISO/IEC},
	journal={9989},
	year={1999},
}
@article{AliceWonderland,
	title={Alice's Adventures in Wonderland},
	author={Lewis Carroll},
	journal={.},
	year={1862},
}

